<?xml version="1.0" encoding="UTF-8"?><collection xmlns="http://www.loc.gov/MARC21/slim"><record><leader>00419nam--2200145-i-4500</leader><controlfield tag="001">000013018</controlfield><controlfield tag="002">20161230</controlfield><controlfield tag="005">20161230201030</controlfield><controlfield tag="008">060222s1000------------r-----000-0-eng-d</controlfield><datafield ind1=" " ind2=" " tag="080"><subfield code="a">533.9.07:621.039.61</subfield></datafield><datafield ind1=" " ind2=" " tag="100"><subfield code="a">Blanc, Daniel</subfield></datafield><datafield ind1=" " ind2=" " tag="245"><subfield code="a">La fusion thermonucleaire controlee une ener gie pour le futur</subfield></datafield><datafield ind1=" " ind2=" " tag="260"><subfield code="a">Paris, Masson, 1978. Vii + 121 P</subfield></datafield><datafield ind1=" " ind2=" " tag="490"><subfield code="a">Les Objectifs Scientifiques De Demain</subfield></datafield><datafield ind1=" " ind2=" " tag="852"><subfield code="a">47011</subfield></datafield></record></collection>